@article{murakami2019eigenvector,
  title={Eigenvector spatial filtering for large data sets: fixed and random effects approaches},
  author={Murakami, Daisuke and Griffith, Daniel A},
  journal={Geographical Analysis},
  volume={51},
  number={1},
  pages={23--49},
  year={2019},
  publisher={Wiley Online Library}
}

@article{griffith2014spatial,
  title={Spatial autocorrelation and spatial filtering},
  author={Griffith, Daniel and Chun, Yongwan},
  journal={Handbook of regional science},
  pages={1477--1507},
  year={2014},
  publisher={Springer Berlin/Heidelberg, Germany}
}

@article{tiefelsdorf2007semiparametric,
  title={Semiparametric filtering of spatial autocorrelation: the eigenvector approach},
  author={Tiefelsdorf, Michael and Griffith, Daniel A},
  journal={Environment and Planning A},
  volume={39},
  number={5},
  pages={1193--1221},
  year={2007},
  publisher={SAGE Publications Sage UK: London, England}
}

@article{kessy2018optimal,
  title={Optimal whitening and decorrelation},
  author={Kessy, Agnan and Lewin, Alex and Strimmer, Korbinian},
  journal={The American Statistician},
  volume={72},
  number={4},
  pages={309--314},
  year={2018},
  publisher={Taylor \& Francis}
}

@article{de1984extreme,
  title={On extreme values of Moran's I and Geary's c},
  author={de Jong, Peter and Sprenger, C and van Veen, Frans},
  journal={Geographical Analysis},
  volume={16},
  number={1},
  pages={17--24},
  year={1984},
  publisher={Blackwell Publishing Ltd Oxford, UK}
}
